% Exemplos de referências podem ser encontrados em: https://verbosus.com/bibtex-style-examples.html


% Minhas referências
% Livros
@book{Voshmgir,
	title={Economia dos Tokens: Como a Web3 está reinventando a Internet e as relações entre os agentes económicos},
	author={Shermin Voshmgir},
	year={2021},
	publisher={Token Kitchen}
}

@book{Lyra,
	title={Blockchain e Organizações Descentralizadas},
	author={João Guilherme Lyra},
	year={2019},
	publisher={Brasport}
}

@book{Arantes,
	title={Arte e mídia: perspectivas da estética digital},
	author={Priscila Arantes},
	year={2019},
	publisher={Senac São Paulo}
}

@book{Machado,
	title={Arte e mídia},
	author={Arlindo Machado},
	year={2014},
	publisher={Zahar}
}


@book{Bheemaiah,
	title={The Blockchain Alternative: Rethinking Macroeconomic Policy and Economic Theory},
	author={Kariappa Bheemaiah},
	year={2017},
	publisher={Apress}
}

@book{Kuntz,
	title={Blockchain Ethereum: Fundamentos de arquitetura, desenvolvimento de contratos e aplicações},
	author={João Kuntz},
	year={2022},
	publisher={Casa do Código}
}

@book{Lantz e Cawrey,
	title={Mastering Blockchain
Unlocking the Power of Cryptocurrencies, Smart Contracts, and Decentralized Applications},
	author={Lorne Lantz, Daniel Cawrey},
	year={2021},
	publisher={O’Reilly Media}
}

@book{Parana,
	title={Bitcoin: A utopia do dinheiro apolítico},
	author={Edemilson Paraná},
	year={2020},
	publisher={Autonomia Literária}
}

@book{Chaves,
	title={Blockchain e Criptomoedas},
	author={Iara Chaves},
	year={2021},
	publisher={InterSaberes}
}

@book{Uhdre,
	title={Blockchain, tokens e criptomoedas},
	author={Dayana de Carvalho Uhdre},
	year={2021},
	publisher={Almedina}
}

@book{Vieira,
	title={Direito Autoral na Sociedade Digital},
	author={Alexandre Pires Vieira},
	year={2011},
	publisher={Montecristo Editora}
}

@book{Priberam,
	title={Dicionário Priberam da Língua Portuguesa},
	author={Alexandre Pires Vieira},
	year={2011},
	publisher={Montecristo Editora}
}


@book{Antonopoulos,
	title={Mastering Ethereum},
	author={Andreas M. Antonopoulos and Dr. Gavin Wood},
	year={2019},
	publisher={O'Reilly}
}


@book{Kandinsky,
	title={Do espiritual na arte},
	author={Wassily Kandinsky},
	year={1996},
	publisher={Martins Fontes}
}

@book{Greffe,
	title={Do espiritual na arte},
	author={Xavier Greffe},
	year={2013},
	publisher={Iluminuras: Itaú Cultural}
}

@book{Moulin,
	title={O Mercado da Arte: mundialização e novas tecnologias},
	author={Raymonde Moulin},
	year={2007},
	publisher={Editora Zouk}
}



@book{Lieser,
	title={Arte digital: Novos caminhos na arte},
	author={Wolf Lieser},
	year={2010},
	publisher={H. F. Fullmann}
}

@book{Martino,
	title={Teoria das Mídias Digitais: linguagens, ambientes, Redes},
	author={Luís Mauro Sá Martino},
	year={2014},
	address = {Petrópolis, RJ},
	publisher={Vozes}
}


@article{Montesso,
	title={Saiba tudo sobre NFT na fotografia. [Entrevista concedida a] Sérgio Branco},
	author={Alex Montesso},
	journal={Fotografe},
	number={314},
	pages={19-30},
	year={2022},
	date = {14 jan. 2023},
}

@article{Jung,
	title={Especial Criptoarte},
	author={Liege Jung},
	journal={DASartes},
	number={105},
	pages={98},
	year={2021},
	date = {18 mar. 2021},
}



@article{Buterin2014,
    title={Uma nova geração de contrato inteligente e plataforma de aplicativos descentralizada},
    author={Vitalik Buterin},
    year={2014},
    publisher={ethereum.org.org}
}

@article{Menotti,
    title={CRIPTOARTE: A METAFÍSICA DO NFT E A TECNOCOLONIZAÇÃO DA AUTENTICIDADE},
    author={Gabriel Menotti},
    journal={Revista do Centro de Pesquisa e Formação - SESC},
	volume={64},
	number={13},
	pages={237-255},
	year={2021},
	date = {dez. 2021},
}

@article{Kugler,
	title={Non-Fungible Tokens
and the Future of Art},
	author={Logan Kugler},
	journal={Communications of the ACM},
	volume={64},
	number={09},
	pages={19-20},
	year={2021},
	date = {set. 2021},
}


@article{Gobira,
	title={POR UMA PRESERVAÇÃO INTEGRAL DA OBRA DE ARTE DIGITAL:
ANOTAÇÕES SOBRE ARTE TECNOLÓGICA},
	author={Pablo Gobira},
	journal={ Rev. Digit.Bibliotecon. Cienc. Inf. },
	volume={04},
	number={03},
	pages={501-514},
	year={2016},
	date = {set. 2016},
}


@online{Holland,
    author = {Oscar Holland and Leah Dolan},
    title = {“Isso é arte!”: Damien Hirst começa a queimar suas próprias pinturas},
    address = {Londres},
    year = {2022},
    url = {https://www.cnnbrasil.com.br/estilo/isso-e-arte-damien-hirst-comeca-a-queimar-suas-proprias-pinturas/},
    urlaccessdate = {10 fev. 2023},
}



@online{Ignacio,
    author = {Bruno Ignacio},
    title = {Grupo queima obra original de Picasso para “eternizá-la” como NFT},
    address = {São Paulo},
    year = {2021},
    url = {https://tecnoblog.net/noticias/2021/07/20/grupo-queima-obra-original-de-picasso-para-eterniza-la-como-nft/},
    urlaccessdate = {10 fev. 2023},
}



@online{Rosiello,
    author = {Luana Rosiello},
    title = {A era da criptoarte veio para ficar},
    address = {São Paulo},
    year = 2022,
    url = {https://select.art.br/a-era-da-criptoarte-veio-para-ficar/},
    urlaccessdate = {08 abr. 2022},
}

@online{Ortega,
    author = {MC Fioti},
    title = {Como MC Fioti usou flauta de Bach em produção caseira e transformou 'Bum bum tam tam' em aposta mundial. [Entrevista concedida a] Rodrigo Ortega},
    address = {São Paulo},
    year = 2017,
    url = {https://g1.globo.com/pop-arte/musica/noticia/como-mc-fioti-usou-flauta-de-bach-em-producao-caseira-e-transformou-bum-bum-tam-tam-em-aposta-mundial.ghtml},
    urlaccessdate = {22 jan. 2023},
}


@online{Rkain,
    author = {Jamyle Rkain},
    title = {Só se fala em crypto art e NFT art… Mas e agora? O que é isso?},
    address = {São Paulo},
    year = 2021,
    url = {https://www.artequeacontece.com.br/so-se-fala-em-crypto-art-e-nft-art-mas-e-agora-o-que-e-isso/},
    urlaccessdate = {4 fev. 2023},
}


@online{Andrade,
    author = {Jenne Andrade},
    title = {Bored Apes: conheça os NFTs do Neymar},
    address = {São Paulo},
    year = 2022,
    url = {https://einvestidor.estadao.com.br/criptomoedas/bored-ape-nft-neymar-valor/},
    urlaccessdate = {14 jan. 2023},
    publisher={Estadão}
}

@online{Artnome,
    author = {Alex Estorick and Kyle Waters and Chloe Diamond},
    title = {In Search Of An Aesthetics Of Crypto Art},
    year = 2021,
    url = {https://www.artnome.com/news?author=60725ac880622017382df5ff},
    urlaccessdate = {4 fev. 2023}
}


@online{Preger,
    author = {Guilherme Preger},
    title = {O futuro das criptomoedas},
    year = 2022,
    url = {https://aterraeredonda.com.br/o-futuro-das-criptomoedas/},
    urlaccessdate = {14 jan. 2023},
    publisher={A terra é redonda}
}

@article{Resposta,
    title={Há 97 anos, Vasco se recusava a dispensar negros e dava resposta ao racismo},
    journal={UOL},
    year={2021},
    city={Rio de Janeiro/RJ},
    urlaccessdate = {17 jan. 2023},
    url = {https://www.uol.com.br/esporte/futebol/ultimas-noticias/2021/04/07/ha-97-anos-vasco-se-recusava-a-dispensar-negros-e-dava-resposta-ao-racismo.htm}
}





@estado{MINC,
    booktitle={Relatório da primeira reunião do GT de Arte Digital},
    organization={MINISTÉRIO DA CULTURA},
    year={2009},
    address={Sala de Reuniões, 4o andar, Ministério da Cultura, Brasília/DF},
}





% Exemplos do template



@article{lamport1986latex,
    title={LaTEX: User's Guide \& Reference Manual},
    author={Lamport, Leslie},
    year={1986},
    publisher={Addison-Wesley}
}

@article{wessberg2000real,
	title={Real-time prediction of hand trajectory 
	by ensembles of cortical neurons in primates},
	author={Wessberg, Johan and Stambaugh, Christopher R and 
	Kralik,Jerald D and 
	Beck, Pamela D and Laubach, Mark and 
	Chapin, John K and Kim, Jung and Biggs, S James and 
	Srinivasan, Mandayam A and Nicolelis, Miguel AL},
	journal={Nature},
	volume={408},
	number={6810},
	pages={361-365},
	year={2000},
	publisher={Nature Publishing Group}
}

@book{knuth,
	title={The texbook},
	author={Knuth, D.E. and Bibby, D. and Makai, I.},
	volume={1993},
	year={1986},
	publisher={Addison-Wesley}
}



@misc{lamport,
	title={Document Preparation System},
	author={Lamport, L. and LaTEX, A.},
	year={1994},
	publisher={Addison-Wesley}
}

@MASTERSTHESIS{Almeida2018,
	author = {ALMEIDA, M. M. R.},
	TITLE = {Avaliação de métodos de estimativa da capacidade de carga de fundações diretas em solos não saturados. \text{\normalfont\ 2018. 144 f}},
	SCHOOL = {Programa de Pós-Graduação em Engenharia Civil: Geotecnia, Centro de Tecnologia,  Universidade Federal do Ceará},
	YEAR = {2018},
	volume       = 4,
    series       = 5,
    address      = {Fortaleza},
	type = {Mestrado em Engenharia Civil},
}

@phdthesis{Gondim2017,
	author = {GONDIM, D. R.},
	TITLE = {Seleção de materiais com potencial aplicação na purificação de IgG humana. \text{\normalfont\ 2017. 164 f}},
	SCHOOL = {Programa de Pós-Graduação em Engenharia Civil: Geotecnia, Centro de Tecnologia, Universidade Federal do Ceará},
	YEAR = {2018},
	volume       = 4,
    series       = 5,
    address      = {Fortaleza},
	type = {Doutorado em Engenharia Química},
}

@article{mortalidade,
	title={Mortalidade neonatal: fatores de risco em um município no sul do Brasil},
	author={MARAM, E. and UCHIMURA, T. T.},
	journal={Rev. Eletr. Enf.},
	volume={10},
	number={1},
	pages={29-38},
	year={2008},
}

@inproceedings{Huetal2000,
	author = "J. Hu and H.R. Wu and A. Jennings and X. Wang",
	title = "Fast and robust equalization: A case study",
	booktitle = "Proceedings of the World Multiconference on Systemics, Cybernetics and Informatics, (SCI 2000), Florida, USA, 23-26 July 2000",
	publisher = "International Institute of Informatics and Systemics", 
	address = "FL, USA",
	pages = "398-403",
	year = "2000"
}

@book{rakov2003lightning,
    title={Lightning},
    subtitle={physics and effects},
    author={Rakov, Vladimir A and Uman, Martin A},
    year={2003},
    address = {},
    publisher={Cambridge University Press}
}


@INTERNET{www11a,
    TITLE    = "Flight Equations with Drag",
    WEBSITE  = "http://www.grc.nasa.gov/WWW/k-12/airplane/flteqs.html",
    ACCESSED = "2011 " # oct     }
}

@online{elat2015densidade,
    author = {GRUPO{ }DE{ }{E}LETRICIDADE{ }{A}TMOSFÉRICA},
    title = {Densidade de descargas atmosféricas para a terra (Ng)},
    address = {Rio de Janeiro},
    number = {2},
    year = 2015,
    url = {http://www.inpe.br/webelat/ABNT_NBR5419_Ng/},
    urlaccessdate = {28 jun. 2016},
    note={Dados publicados na ABNT NBR 5419-2:2015 -- Proteção contra descargas atmosféricas – Parte 2: Gerenciamento de risco},
    publisher={[\textit{s. n.}]}
}


@estado{secretaria1999,
    author = {},
    booktitle={Entendendo o meio ambiente},
    organization={SÃO PAULO {(Estado).}},
    title={{\normalfont Secretaria do Meio Ambiente.} Tratados e organizações ambientais em matéria de meio ambiente},
    url={http://www.bdt.org.br/sma/entendendo/atual.htm},
    urlaccessdate={8 mar. 2022},
    volume={1},
    year={1999},
    address={São Paulo},
    publisher={SMA}
}


@book{NBR10520:2002,
    address={Rio de Janeiro},
    month={out.},
    organization={ASSOCIAÇÃO{ }BRASILEIRA{ }DE{ }NORMAS{ }TÉCNICAS},
    org-short={ASSOCIAÇÃO{ }BRASILEIRA{ }DE{ }NORMAS{ }TÉCNICAS},
    title={{NBR} 10520},
    subtitle={Informação e documentação: citações em documentos: apresentação},
    year={2002},
    publisher={ABNT}
}

@book{manuais1989,
    author = {},
    address={São Paulo},
    organization={SÃO PAULO {(Estado). Secretaria do Meio Ambiente. Coordenadoria de Planejamento Ambiental}},
    pages={48},
    title={Estudo de impacto ambiental – EIA, Relatório de impacto ambiental – RIMA},
    subtitle={manual de orientação},
    series={Séries manuais},
    year={1989},
    publisher={Secretaria do Meio Ambiente},
}

@misc{UFC2012,
author = {{U}niversidade{ }{F}ederal{ }do{ }{C}ear{\'a}},
title = {Reitoria da {U}niversidade {F}ederal do {C}ear{\'a} },
year = {2012},
address={Fortaleza},
publisher={UFC},
url = {http://www.ufc.br/contatos/2-a-universidade},
date = {2016},
OPTsubtitle = {teste},
OPTtitleaddon = {•},
OPTlanguage = {•},
OPTversion = {•},
OPTorganization = {•},
OPTmonth = {•},
OPTaddendum = {•},
urlaccessdate = {28 jul. 2016}
}

@misc{NASA2016,
author = { {A}dministra{\c{c}}{\~a}o{ }{N}acional{ }do{ }{E}spa{\c{c}}o{ }e{ }{A}eron{\'a}utica},
title = {{G}ráfico{ }da{ }{a}tmosfera{ }{s}uperior },
year = {2016},
url = {http://www.nasa.gov/mission_pages/sunearth/science/upper-atmosphere-graphic.html},
date = {2016},
OPTsubtitle = {teste},
OPTtitleaddon = {•},
OPTlanguage = {•},
OPTversion = {•},
OPTorganization = {•},
OPTmonth = {•},
OPTaddendum = {•},
urlaccessdate = {28 jul. 2016},
address={Washington, DC},
publisher={NASA}
}

@book{goossens1994latex,
  title={The LATEX companion},
  author={Goossens, Michel and Mittelbach, Frank and Samarin, Alexander and Souidi, El Mamoun},
  volume={2},
  year={1994},
  address = {Massachusetts},
  publisher={Addison-Wesley Reading},
}

@article{feitosa2016,
	title={Complexas mediações},
	subtitle={transdisciplinaridade e incertezas nas recepções informacionais},
	author={L Feitosa},
	journal={Informação em Pauta},
	volume={1},
	number={1},
	pages={98-117},
	year={2016},
	publisher={Fortaleza} 
}

@book{LangtangenLogg2017,
 title = {Solving PDEs in Python},
 author = {Hans Petter Langtangen and Anders Logg},
 year = {2017},
 publisher = {Springer},
 doi = {10.1007/978-3-319-52462-7},
 address = {},
 isbn = {978-3-319-52461-0},
}